<?xml version="1.0" encoding="UTF-8"?><collection xmlns="http://www.loc.gov/MARC21/slim"><record><leader>00606nam--2200145-i-4500</leader><controlfield tag="001">000008996</controlfield><controlfield tag="002">20161230</controlfield><controlfield tag="005">20161230201028</controlfield><controlfield tag="008">060222s1000------------r-----000-0-eng-d</controlfield><datafield ind1=" " ind2=" " tag="080"><subfield code="a">621.313</subfield></datafield><datafield ind1=" " ind2=" " tag="100"><subfield code="a">Budisan, N.I., Preda, I.I., Suciu, E.D</subfield></datafield><datafield ind1=" " ind2=" " tag="245"><subfield code="a">Calitatea statica si dinamica a sistemului aut omat de frinare si reglare a turatiei turbinel or la statiunea m.h.t.-500 a laboratorului de masini hidraulice timisoara</subfield></datafield><datafield ind1=" " ind2=" " tag="260"><subfield code="a">Bucuresti, Consiliul National Al Inginerilor S I Tehnicienilor, 1969 15 Pag</subfield></datafield><datafield ind1=" " ind2=" " tag="490"><subfield code="a">A Doua Conferinta A Electricienilor.Sectia Act Ionari Electrice</subfield></datafield><datafield ind1=" " ind2=" " tag="852"><subfield code="a">31671</subfield></datafield></record></collection>